@OTHER{scrum,
author = {},
title = {Proyectos Ã¡giles},
month = Mayo,
year = {2014},
url = {http://www.proyectosagiles.org/que-es-scrum}
}